<record xmlns="http://www.loc.gov/MARC21/slim" xmlns:xsi="http://www.w3.org/2001/XMLSchema-instance" xsi:schemaLocation="http://www.loc.gov/MARC21/slim http://www.loc.gov/standards/marcxml/schema/MARC21slim.xsd">

  <leader>00556nam a2200169Ia 4500</leader>
  <datafield ind1=" " ind2=" " tag="999">
    <subfield code="c">1913</subfield>
    <subfield code="d">1913</subfield>
  </datafield>
  <controlfield tag="008">180606b2006    m  ||||| |||| 00| | spa d</controlfield>
  <datafield tag="090" ind2=" " ind1=" ">
    <subfield code="a">06.04.02 </subfield>
    <subfield code="b">1493</subfield>
  </datafield>
  <datafield tag="100" ind2=" " ind1=" ">
    <subfield code="a">Sánchez Hernández, Miriam</subfield>
    <subfield code="9">3239</subfield>
  </datafield>
  <datafield ind1="1" tag="245" ind2="2">
    <subfield code="a">¿Quién Cuenta en la Escuela? / Míriam Sánchez Hernández , Marcela López Fernández</subfield>
  </datafield>
  <datafield ind1=" " ind2=" " tag="260">
    <subfield code="a">México: </subfield>
    <subfield code="b">Universidad Autónoma de México, </subfield>
    <subfield code="c">2006</subfield>
  </datafield>
  <datafield ind2=" " tag="300" ind1=" ">
    <subfield code="a">32 páginas</subfield>
  </datafield>
  <datafield tag="650" ind2="4" ind1="1">
    <subfield code="a">ESCUELAS </subfield>
    <subfield code="9">300</subfield>
  </datafield>
  <datafield ind2="4" tag="650" ind1="1">
    <subfield code="a">DOCENTES</subfield>
    <subfield code="9">331</subfield>
  </datafield>
  <datafield tag="650" ind2="4" ind1="1">
    <subfield code="a">ESTUDIANTES </subfield>
    <subfield code="9">332</subfield>
  </datafield>
  <datafield ind1=" " tag="700" ind2=" ">
    <subfield code="a">López Fernández,  Marcela</subfield>
    <subfield code="9">3240</subfield>
  </datafield>
  <datafield tag="942" ind2=" " ind1=" ">
    <subfield code="2">z</subfield>
    <subfield code="c">01</subfield>
  </datafield>
</record>